<?xml version="1.0" encoding="UTF-8"?><collection xmlns="http://www.loc.gov/MARC21/slim"><record><leader>00346nam--2200133-i-4500</leader><controlfield tag="001">000017741</controlfield><controlfield tag="002">20161230</controlfield><controlfield tag="005">20170115235316</controlfield><controlfield tag="008">060222s1000------------r-----000-0-eng-d</controlfield><datafield ind1=" " ind2=" " tag="100"><subfield code="a">Anderson, A</subfield></datafield><datafield ind1=" " ind2=" " tag="245"><subfield code="a">The raman effect. In two volumes. Applications</subfield></datafield><datafield ind1=" " ind2=" " tag="260"><subfield code="a">Marcel Dekker</subfield><subfield code="c">1973</subfield></datafield><datafield ind1=" " ind2=" " tag="300"><subfield code="a">XI + 405-1033 p</subfield></datafield><datafield ind1=" " ind2=" " tag="CAT"><subfield code="a">SYS</subfield><subfield code="c">20170115</subfield><subfield code="h">235316</subfield></datafield></record></collection>